@BOOK{UncleBob,
  author        = "Robert C. Martin",
  title         = "Túlélőkönyv programozóknak - Hogyan váljunk igazi szakemberekké",
  publisher     = "Kiskapu Kft.",
  year          = 2011,
  isbn          = "978-963-9637-86-3"
}

@ARTICLE{Smalltalk,
    author = "Alan C. Kay",
    title  = "The Early History of Smalltalk",
    journal= "{ACM SIGPLAN N}otices.",
    volume = 28,
    number = 3,
    pages  = "69",
    month  = mar,
    year   = 1993,
}

@MISC{LongUrlExample1,
	author="Ryan Collins",
	title="{U}pdated {B}enchmarks for the {T}op {S}erver-{S}ide {S}wift {F}rameworks vs. {N}ode.js (2018. november 10.)",
	howpublished = "\url{https://medium.com/@rymcol/updated-benchmarks-for-the-top-server-side-swift-frameworks-vs-node-js-9da4a0491eca}",
}

@MISC{LongUrlExample2,
	author="Ryan Collins",
	title="{U}pdated {B}enchmarks for the {T}op {S}erver-{S}ide {S}wift {F}rameworks vs. {N}ode.js (2018. november 10.)",
	howpublished = {\boldurl{https://medium.com/@rymcol/updated-benchmarks-for-the-top-server-side-swift-frameworks-vs-node-js-9da4a0491eca}},
}

@MISC{Swift,
  author="Apple Inc.",
  title="{A}bout {S}wift (2016. november 21.)",
  howpublished="\url{https://swift.org/about/}",
}
